<?xml version="1.0" encoding="UTF-8"?><record xmlns="http://www.loc.gov/MARC21/slim" xmlns:cinclude="http://apache.org/cocoon/include/1.0" xmlns:zs="http://www.loc.gov/zing/srw/">
  <leader>01427cz  a2200313n  4500</leader>
  <controlfield tag="001">n  86747848 </controlfield>
  <controlfield tag="003">DLC</controlfield>
  <controlfield tag="005">20080615080502.0</controlfield>
  <controlfield tag="008">860702n| acaaaaaan          |a ana      </controlfield>
  <datafield tag="010" ind1=" " ind2=" ">
    <subfield code="a">n  86747848 </subfield>
  </datafield>
  <datafield tag="035" ind1=" " ind2=" ">
    <subfield code="a">(OCoLC)oca01635899</subfield>
  </datafield>
  <datafield tag="040" ind1=" " ind2=" ">
    <subfield code="a">DLC</subfield>
    <subfield code="b">eng</subfield>
    <subfield code="c">DLC</subfield>
    <subfield code="d">DLC</subfield>
    <subfield code="d">DLC-S</subfield>
    <subfield code="d">OCoLC</subfield>
  </datafield>
  <datafield tag="050" ind1=" " ind2=" ">
    <subfield code="a">TS801</subfield>
    <subfield code="b">.U493</subfield>
  </datafield>
  <datafield tag="130" ind1=" " ind2="0">
    <subfield code="a">U.S.D.A. Forest Service research paper FPL</subfield>
  </datafield>
  <datafield tag="410" ind1="2" ind2=" ">
    <subfield code="a">Forest Products Laboratory (U.S.)</subfield>
    <subfield code="t">U.S.D.A. Forest Service research paper FPL</subfield>
  </datafield>
  <datafield tag="410" ind1="1" ind2=" ">
    <subfield code="a">United States.</subfield>
    <subfield code="b">Forest Service.</subfield>
    <subfield code="t">U.S.D.A. Forest Service research paper FPL</subfield>
  </datafield>
  <datafield tag="410" ind1="1" ind2=" ">
    <subfield code="w">nnaa</subfield>
    <subfield code="a">United States.</subfield>
    <subfield code="b">Forest Products Laboratory, Madison, Wis.</subfield>
    <subfield code="t">U.S.D.A. Forest Service research paper FPL</subfield>
  </datafield>
  <datafield tag="430" ind1=" " ind2="0">
    <subfield code="a">USDA Forest Service research paper FPL</subfield>
  </datafield>
  <datafield tag="530" ind1=" " ind2="0">
    <subfield code="w">a</subfield>
    <subfield code="a">U.S. Forest Service research paper FPL</subfield>
  </datafield>
  <datafield tag="530" ind1=" " ind2="0">
    <subfield code="w">b</subfield>
    <subfield code="a">Research paper FPL</subfield>
  </datafield>
  <datafield tag="642" ind1=" " ind2=" ">
    <subfield code="a">122</subfield>
    <subfield code="5">DLC</subfield>
  </datafield>
  <datafield tag="643" ind1=" " ind2=" ">
    <subfield code="a">Madison, Wis.</subfield>
    <subfield code="b">U.S. Forest Products Laboratory</subfield>
  </datafield>
  <datafield tag="644" ind1=" " ind2=" ">
    <subfield code="a">p</subfield>
    <subfield code="5">DLC</subfield>
  </datafield>
  <datafield tag="645" ind1=" " ind2=" ">
    <subfield code="a">t</subfield>
    <subfield code="5">DLC</subfield>
  </datafield>
  <datafield tag="646" ind1=" " ind2=" ">
    <subfield code="a">c</subfield>
    <subfield code="5">DLC</subfield>
  </datafield>
  <datafield tag="667" ind1=" " ind2=" ">
    <subfield code="a">Document.</subfield>
  </datafield>
  <datafield tag="667" ind1=" " ind2=" ">
    <subfield code="a">Issues for &lt;279-304-   &gt; have title: USDA Forest Service research paper FPL.</subfield>
  </datafield>
  <datafield tag="670" ind1=" " ind2=" ">
    <subfield code="a">LCCN 71-605744: McMillen, John M. Accelerated kiln drying of presurfaced ... 1969</subfield>
    <subfield code="b">(ser. stmt.: U.S.D.A. Forest Service research paper FPL ; 122)</subfield>
  </datafield>
  <datafield tag="675" ind1=" " ind2=" ">
    <subfield code="a">Wood anatomy of the neotropical sapotaceae, 1978: t.p. (Research paper FPL); Characteristics of Alaska woods, 1963: t.p. (U.S. Forest Service research paper FPL)</subfield>
  </datafield>
</record>